@misc{ZúñigaGonzálezCristiánNicolás2014EDPD,
abstract = {El año 2012 se reportaron alrededor 19.500 accidentes en las zonas urbanas de la Región Metropolitana, Chile, de los cuales el 16% corresponde a accidentes en autopistas urbanas. Estos accidentes viales ocurren en distintas condiciones o Estados de Tráfico. Por condición o Estado de Tráfico se entiende una combinación única entre flujo, densidad y velocidad que determinan la operación de una vía. La finalidad de esta investigación es determinar la influencia que los Estados de Tráfico en autopistas tienen sobre la ocurrencia y severidad de los accidentes. Por severidad se consideran dos dimensiones: la severidad según daños personales (DP) y la disrupción en el tráfico (DT), usando la cantidad de pistas bloqueadas como proxy para DT. Para este estudio se usó información de accidentes viales, flujos y velocidades instantáneas de circulación en Autopista Central, ubicada en Santiago de Chile, más un conjunto de variables de control relacionadas con la geometría y el clima. Por medio del algoritmo k-means Clustering, se definieron cuatro Estados de Tráfico usando las velocidades recolectadas por espiras magnéticas en la autopista, como una cantidad óptima.Parte de la metodología de trabajo considera la calibración de un modelo de elección discreta logit a partir de datos reales, donde la ocurrencia (o no) de accidentes constituyen las alternativas, utilizando un muestreo de tipo Caso-Control. Los Estados de Tráficos se mostraron ser significativos, afectando la probabilidad de ocurrencia y severidad de los accidentes. Se concluye que los Estados de Tráfico de transición de velocidades desde altas a bajas o viceversa, son los que muestran un mayor riesgo en comparación con estados donde la velocidad se mantiene constante siendo alta o baja. Con estos resultados, es posible la formulación de estrategias de mejor asistencia o prevención de accidentes que los operadores pueden considerar evaluar para su posterior implementación.},
publisher = {ProQuest Dissertations & Theses},
isbn = {9798678144713},
year = {2014},
title = {Estimación De Probabilidades De Accidentes Basada En Estados De Tráfico En Autopistas Urbanas},
copyright = {Database copyright ProQuest LLC; ProQuest does not claim copyright in the individual underlying works.},
language = {spa},
author = {Zúñiga González, Cristián Nicolás},
keywords = {Civil engineering ; Management ; Occupational safety ; Public policy ; Transportation},
}

@article{AngelAlejandro2008Aotf,
author = {Angel Alejandro and Hickman Mark},
issn = {0122-3461},
abstract = {This study performs a comprehensive analysis of the effect of different environmental, demographic and vehicle variables on the severity of two-vehicle crashes. The limitations associated with previous studies have been addressed by using a large crash database, properly defining the independent variables, using an appropriate statistical model, and by considering the effect of factors normally unaccounted for such as crash type, DUI involvement, impact speed and height incompatibilities between the two vehicles. The use of a multinomial logit model provides the flexibility to evaluate variables that have opposing effects at different injury levels (such as airbag availability). An innovative linear crash cost model is also used to estimate the effect of the independent variables in terms of dollars. This simplification is particularly useful when discussing potential policy treatments for improving road safety with transportation officials, politicians and other decision makers. The findings from the two models are consistent and suggest that the type of crash has a great impact on severity. Age is the most significant demographic variable, with children being least likely to be injured, and older occupants being most likely to be injured. Occupant behavior also seems to be critical, as the use of seatbelts, and alcohol involvement, greatly decrease or increase, respectively, the severity of the crash. Heavier vehicles increase the safety of its occupants but decrease the safety of occupants of the other vehicle. Vehicle types are not found to be as significant as weight, with the notable exception of pickups, which are at the same time more crashworthy and more aggressive than passenger cars.},
journal = {Ingeniería y Desarrollo},
publisher = {Fundación Universidad del Norte},
number = {24},
year = {2008},
title = {Analysis of the factors affecting the severity of two-vehicle crashes},
copyright = {Copyright Fundación Universidad del Norte Jul 2008},
language = {eng},
address = {Barranquilla},
author = {Angel, Alejandro and Hickman, Mark},
}

@article{BuitragoRamírezFrancisco2019Vpdv,
issn = {1135-5727},
abstract = {Background: Traffic accidents constitute a public
health problem and are the leading cause of accidental
death in the world. Analyze if the type of
accident, the age of the victim or the attention provided
by the emergency medicalized units (UME)
are related to the morbidity and mortality due to
traffic accidents in Extremadura (Spain) during the
years 2012, 2013, 2014 and 2015.
Methods: Descriptive study of the information
in the records of the emergency response coordination
center 112. A multivariate analysis was carried
out. The prognostic status was introduced as a dependent
variable and the type of accident, the age
of the accident victims and the UME as independent
variables.
Results: The type of accident [odds ratio
(OR)=1.745; 95% confidence interval (95%
CI=1.488-2.045), the victim’s age (OR=1.016;
95% CI=1.013-1.020), UME 4-3 (OR=4.304;
95% CI=2.158-8.587), UME 4-1 (OR=2.463; 95%
CI=1.414-4.291) and UME 1-4 (OR=1.990; 95%
CI=1.052-3.762) are related to the prognostic status
of the victims.
Conclusions: Inter-urban traffic accidents, the
victim’s age and three UME influence the prognostic
status of the victims.
Fundamentos: Los accidentes de tráfico constituyen
un problema de salud pública y son la principal
causa de muerte accidental en el mundo. El
objetivo de este trabajo fue analizar si el tipo de
accidente, la edad de la víctima o la atención prestada
por las unidades medicalizadas de emergencia
(UME) estaban relacionados con la morbimortalidad
por accidentes de tráfico en Extremadura durante
los años 2012, 2013, 2014 y 2015.
Sujeto y métodos: Se elaboró un estudio descriptivo
de la información registrada en el Centro
Coordinador de Urgencias y Emergencias-112. Se
realizó un análisis multivariante, considerándose
como variable dependiente el estado pronóstico y
como variables independientes el tipo de accidente,
la edad de los accidentados y las UME.
Resultados: El tipo de accidente (odds ratio
(OR)=1,745; intervalo de confianza al 95%
(IC95%)=1,488-2,045], la edad de la víctima
(OR=1,016; IC95%=1,013-1,020), la UME 4-3
(OR=4,304; IC95%= 2,158-8,587), la UME 4-1
(OR=2,463; IC95%=1,414-4,291) y la UME 1-4
(OR=1,990; IC95%=1,052-3,762) tuvieron relación
con el estado pronóstico de las víctimas.
Conclusiones: Los accidentes interurbanos, la
edad de la víctima y tres UME influyen en el estado
pronóstico de las víctimas.},
journal = {Revista española de salud pública},
number = {93},
year = {2019},
title = {Variables predictoras de víctimas graves, críticas o fallecidas en los accidentes de tráfico en Extremadura},
copyright = {LICENCIA DE USO: Los documentos a texto completo incluidos en Dialnet son de acceso libre y propiedad de sus autores y/o editores. Por tanto, cualquier acto de reproducción, distribución, comunicación pública y/o transformación total o parcial requiere el consentimiento expreso y escrito de aquéllos. Cualquier enlace al texto completo de estos documentos deberá hacerse a través de la URL oficial de éstos en Dialnet. Más información: https://dialnet.unirioja.es/info/derechosOAI | INTELLECTUAL PROPERTY RIGHTS STATEMENT: Full text documents hosted by Dialnet are protected by copyright and/or related rights. This digital object is accessible without charge, but its use is subject to the licensing conditions set by its authors or editors. Unless expressly stated otherwise in the licensing conditions, you are free to linking, browsing, printing and making a copy for your own personal purposes. All other acts of reproduction and communication to the public are subject to the licensing conditions expressed by editors and authors and require consent from them. Any link to this document should be made using its official URL in Dialnet. More info: https://dialnet.unirioja.es/info/derechosOAI},
language = {spa},
author = {Buitrago Ramírez, Francisco and Morales Gabardino, José Antonio and Redondo Lobato, Laura},
keywords = {Accidentes de Tráfico ; Casualties ; Emergency health services ; Lesiones Por Accidentes de Tráfico ; Mortalidad ; Mortality ; Traffic accidents ; Unidades de Emergencia Médica},
}


